<record><leader>00000cas a2200000 i 4500</leader><controlfield tag="001">973888585</controlfield><controlfield tag="008">170227d19uu1985cauwr ne      0   b0vie c</controlfield><datafield ind1=" " ind2=" " tag="010"><subfield code="a">  2017225025</subfield></datafield><datafield ind1=" " ind2=" " tag="040"><subfield code="a">CRL</subfield><subfield code="b">eng</subfield><subfield code="e">rda</subfield><subfield code="c">CRL</subfield><subfield code="d">CRL</subfield><subfield code="d">OCLCF</subfield><subfield code="d">OCLCA</subfield></datafield><datafield ind1=" " ind2=" " tag="042"><subfield code="a">pcc</subfield></datafield><datafield ind1="0" ind2="0" tag="245"><subfield code="a">Th&#417;&#768;i nay ha&#777;i ngoa&#803;i.</subfield></datafield><datafield ind1=" " ind2="1" tag="264"><subfield code="a">Glendale, Ca. :</subfield><subfield code="b">Th&#417;&#768;i Nay Ha&#777;i Ngoa&#803;i.,</subfield><subfield code="c">-1985.</subfield></datafield><datafield ind1="2" ind2="1" tag="264"><subfield code="a">Los Angeles, CA :</subfield><subfield code="b">TNHN,</subfield><subfield code="c">-1985.</subfield></datafield><datafield ind1=" " ind2=" " tag="300"><subfield code="a">volumes :</subfield><subfield code="b">illustrations ;</subfield><subfield code="c">38 cm</subfield></datafield><datafield ind1=" " ind2=" " tag="310"><subfield code="a">Weekly</subfield></datafield><datafield ind1=" " ind2=" " tag="336"><subfield code="a">text</subfield><subfield code="b">txt</subfield><subfield code="2">rdacontent</subfield></datafield><datafield ind1=" " ind2=" " tag="337"><subfield code="a">unmediated</subfield><subfield code="b">n</subfield><subfield code="2">rdamedia</subfield></datafield><datafield ind1=" " ind2=" " tag="338"><subfield code="a">volume</subfield><subfield code="b">nc</subfield><subfield code="2">rdacarrier</subfield></datafield><datafield ind1="1" ind2=" " tag="362"><subfield code="a">Ceased with na&#774;m th&#432;&#769; 5, so&#769;&#770; 162 (Tua&#769;&#770;n le&#770;&#771; t&#432;&#768; 15 &#273;e&#770;&#769;n 30/5/85).</subfield></datafield><datafield ind1=" " ind2=" " tag="500"><subfield code="a">"The&#770;&#769; gi&#417;&#769;i d&#432;&#417;&#769;i ma&#774;&#769;t ng&#432;&#417;&#768;i vie&#770;&#803;t," &lt;Nov. 26, 1982&gt;-May 1985; "The Vietnamese weekly newspaper," May 1985.</subfield></datafield><datafield ind1=" " ind2=" " tag="515"><subfield code="a">Volume numbering begins with Na&#774;m th&#432;&#769; 3, so&#769;&#770; 97 (19-10-1983)</subfield></datafield><datafield ind1=" " ind2=" " tag="588"><subfield code="a">Description based on: So&#769;&#770; 55 (26.11.82); title from cover.</subfield></datafield><datafield ind1=" " ind2=" " tag="588"><subfield code="a">Latest issue consulted: Na&#774;m th&#432;&#769; 5, so&#769;&#770; 162 (Tua&#769;&#770;n le&#770;&#771; t&#432;&#768; 15 &#273;e&#770;&#769;n 30/5/85)</subfield></datafield><datafield ind1=" " ind2="0" tag="650"><subfield code="a">Vietnamese Americans</subfield><subfield code="z">California</subfield><subfield code="v">Newspapers.</subfield></datafield><datafield ind1=" " ind2="0" tag="651"><subfield code="a">Glendale (Calif.)</subfield><subfield code="v">Newspapers.</subfield></datafield><datafield ind1=" " ind2="0" tag="651"><subfield code="a">Los Angeles (Calif.)</subfield><subfield code="v">Newspapers.</subfield></datafield><datafield ind1=" " ind2="7" tag="655"><subfield code="a">Newspapers.</subfield><subfield code="2">fast</subfield><subfield code="0">(OCoLC)fst01423814</subfield></datafield><datafield ind1=" " ind2="7" tag="650"><subfield code="a">Vietnamese Americans.</subfield><subfield code="2">fast</subfield><subfield code="0">(OCoLC)fst01166663</subfield></datafield><datafield ind1=" " ind2="7" tag="651"><subfield code="a">California.</subfield><subfield code="2">fast</subfield><subfield code="0">(OCoLC)fst01204928</subfield></datafield><datafield ind1=" " ind2="7" tag="651"><subfield code="a">California</subfield><subfield code="z">Glendale.</subfield><subfield code="2">fast</subfield><subfield code="0">(OCoLC)fst01215329</subfield></datafield><datafield ind1=" " ind2="7" tag="651"><subfield code="a">California</subfield><subfield code="z">Los Angeles.</subfield><subfield code="2">fast</subfield><subfield code="0">(OCoLC)fst01204540</subfield></datafield><datafield ind1=" " ind2=" " tag="752"><subfield code="a">United States</subfield><subfield code="b">California</subfield><subfield code="c">Los Angeles</subfield><subfield code="d">Los Angeles .</subfield></datafield><datafield ind1=" " ind2=" " tag="752"><subfield code="a">United States</subfield><subfield code="b">California</subfield><subfield code="c">Los Angeles</subfield><subfield code="d">Glendale.</subfield></datafield><datafield ind1="0" ind2="0" tag="785"><subfield code="t">Th&#417;&#768;i nay news</subfield><subfield code="w">(DLC)  2017225026</subfield><subfield code="w">(OCoLC)973888586</subfield></datafield></record>